<record><leader>00000cas a2200000Ia 4500</leader><controlfield tag="001">12578186</controlfield><controlfield tag="008">850920d18861887ksuwr ne      0    0eng d</controlfield><datafield ind1=" " ind2=" " tag="010"><subfield code="a">sn 85066656 </subfield></datafield><datafield ind1=" " ind2=" " tag="040"><subfield code="a">KSH</subfield><subfield code="b">eng</subfield><subfield code="c">KSH</subfield><subfield code="d">OCLCQ</subfield></datafield><datafield ind1="0" ind2="4" tag="245"><subfield code="a">The Hugo herald.</subfield></datafield><datafield ind1=" " ind2=" " tag="260"><subfield code="a">Hugo, Kan. :</subfield><subfield code="b">G.W. McClintick,</subfield><subfield code="c">1886-1887.</subfield></datafield><datafield ind1=" " ind2=" " tag="300"><subfield code="a">2 v. ;</subfield><subfield code="c">58-64 cm.</subfield></datafield><datafield ind1=" " ind2=" " tag="310"><subfield code="a">Weekly</subfield></datafield><datafield ind1="0" ind2=" " tag="362"><subfield code="a">Vol. 1, no. 1 (Feb. 13, 1886)-v. 2, no. 6 (Mar. 23, 1887).</subfield></datafield><datafield ind1=" " ind2=" " tag="500"><subfield code="a">"Democratic."</subfield></datafield><datafield ind1=" " ind2=" " tag="752"><subfield code="a">United States</subfield><subfield code="b">Kansas</subfield><subfield code="c">Seward</subfield><subfield code="d">Hugo.</subfield></datafield><datafield ind1=" " ind2=" " tag="752"><subfield code="a">United States</subfield><subfield code="b">Kansas</subfield><subfield code="c">Stevens</subfield><subfield code="d">Hugo.</subfield></datafield><datafield ind1=" " ind2=" " tag="752"><subfield code="a">United States</subfield><subfield code="b">Kansas</subfield><subfield code="c">Stevens</subfield><subfield code="d">Hugoton.</subfield></datafield><datafield ind1="0" ind2="0" tag="785"><subfield code="t">Hugo weekly herald</subfield><subfield code="w">(DLC)sn 85066661</subfield></datafield></record>